<record><leader>00000cas a22000007a 4500</leader><controlfield tag="001">25854902</controlfield><controlfield tag="008">920521d19191925wyuwr ne      0    0eng d</controlfield><datafield ind1=" " ind2=" " tag="010"><subfield code="a">sn 92067072 </subfield></datafield><datafield ind1=" " ind2=" " tag="040"><subfield code="a">NVO</subfield><subfield code="b">eng</subfield><subfield code="c">NVO</subfield><subfield code="d">OCLCQ</subfield></datafield><datafield ind1=" " ind2=" " tag="042"><subfield code="a">msc</subfield></datafield><datafield ind1="0" ind2=" " tag="130"><subfield code="a">Homesteader (Wright, Wyo.)</subfield></datafield><datafield ind1="1" ind2="4" tag="245"><subfield code="a">The homesteader.</subfield></datafield><datafield ind1="1" ind2="3" tag="246"><subfield code="a">Hilight homesteader</subfield><subfield code="f">June 27-Dec. 5, 1919</subfield></datafield><datafield ind1=" " ind2=" " tag="260"><subfield code="a">Wright, Wyo. :</subfield><subfield code="b">T.W. McDonough</subfield></datafield><datafield ind1=" " ind2=" " tag="300"><subfield code="a">v.</subfield></datafield><datafield ind1=" " ind2=" " tag="310"><subfield code="a">Weekly</subfield></datafield><datafield ind1="0" ind2=" " tag="362"><subfield code="a">-v. 7, no. 23 (Nov. 6, 1925).</subfield></datafield><datafield ind1=" " ind2=" " tag="588"><subfield code="a">Description based on: Vol. 1, no. 4, (June 27, 1919).</subfield></datafield><datafield ind1=" " ind2="4" tag="651"><subfield code="a">Wright (Wyo.)</subfield><subfield code="v">Newspapers.</subfield></datafield><datafield ind1=" " ind2="4" tag="651"><subfield code="a">Campbell County (Wyo.)</subfield><subfield code="v">Newspapers.</subfield></datafield><datafield ind1=" " ind2=" " tag="752"><subfield code="a">United States</subfield><subfield code="b">Wyoming</subfield><subfield code="c">Campbell</subfield><subfield code="d">Wright.</subfield></datafield><datafield ind1="0" ind2="0" tag="785"><subfield code="t">Kaycee homesteader</subfield><subfield code="w">(DLC)sn 92067067</subfield><subfield code="w">(OCoLC)25971635</subfield></datafield><datafield ind1="1" ind2=" " tag="029"><subfield code="a">AU@</subfield><subfield code="b">000041189294</subfield></datafield></record>